<?xml version="1.0" encoding="UTF-8"?>
<SOAP-ENV:Envelope xmlns:SOAP-ENV="http://schemas.xmlsoap.org/soap/envelope/" xmlns:of="http://oss.dbc.dk/ns/openformat" xmlns:ofo="http://oss.dbc.dk/ns/openformatoutput"><SOAP-ENV:Body><of:formatResponse><marc:record xmlns:marc="http://www.loc.gov/MARC21/slim"><leader>00000njc a22000000c 4500</leader><controlfield tag="001">870970:44796872</controlfield><controlfield tag="003">DKDLA</controlfield><controlfield tag="005">20100318101632.0</controlfield><controlfield tag="007">s|||||||||||||</controlfield><controlfield tag="008">100318s2009    xxu|||||||||||||||||eng||</controlfield><datafield ind1="0" ind2=" " tag="110"><subfield code="a">Trans-Siberian Orchestra</subfield></datafield><datafield ind1=" " ind2="0" tag="245"><subfield code="a">Night castle</subfield></datafield><datafield ind1=" " ind2=" " tag="260"><subfield code="b">Atlantic,</subfield><subfield code="c">p 2009</subfield></datafield><datafield ind1=" " ind2=" " tag="300"><subfield code="a">2 cd'er +</subfield><subfield code="e">1 tekstbilag</subfield></datafield><datafield ind1="1" ind2=" " tag="700"><subfield code="a">O'Neill, Paul</subfield></datafield><datafield ind1="1" ind2=" " tag="700"><subfield code="a">Kinkel, Robert</subfield></datafield><datafield ind1="1" ind2=" " tag="700"><subfield code="a">Oliva, Jon</subfield></datafield><datafield ind1="1" ind2=" " tag="700"><subfield code="a">Pitrelli, Al</subfield></datafield><datafield ind1="1" ind2=" " tag="700"><subfield code="a">Altenhoff, Chris</subfield></datafield><datafield ind1="1" ind2=" " tag="700"><subfield code="a">Butler, Luci</subfield></datafield><datafield ind1="1" ind2=" " tag="700"><subfield code="a">Caffery, Chris</subfield></datafield><datafield ind1="1" ind2=" " tag="700"><subfield code="a">Chong, Roddy</subfield></datafield><datafield ind1="1" ind2=" " tag="700"><subfield code="a">Clark, Angus</subfield></datafield></marc:record></of:formatResponse></SOAP-ENV:Body></SOAP-ENV:Envelope>
